%% This BibTeX bibliography file was created using BibDesk.
%% http://www.cs.ucsd.edu/~mmccrack/bibdesk.html


%% Created for neil at 2003-03-27 13:20:36 +1200 



@article{1,
	Year = {1994},
	Title = {The \LaTeX\ Companion},
	Address = {Reading, Massachusetts, USA},
	Publisher = {Addison-Wesley},
	Author = {Goossens, Michel and Mittelbach, Frank and Samarin, Alexander}}
	
	@misc{ 1,
       author = "Nobody Jr",
       title = "My Article",
       year = "2006" }