%% This BibTeX bibliography file was created using BibDesk.
%% http://bibdesk.sourceforge.net/

%% Created for jacky Chang at 2016-10-07 09:35:29 +1300 


%% Saved with string encoding Unicode (UTF-8) 



@article{19,
	Author = {Da Silva A. S., Ma, H., Zhang, M.},
	Date-Added = {2016-10-06 20:26:44 +0000},
	Date-Modified = {2016-10-06 20:27:25 +0000},
	Month = { IEEE Congress on Evolutionary Computation (CEC)},
	Pages = {pp. 3127-3134},
	Title = {Effective web service composition using particle swarm optimization algorithm},
	Year = {2014}}

@article{18,
	Author = {Zheng, L., Benatallah, B., Dumas, M., Kalagnanam, J., Sheng, Q.Z.},
	Date-Added = {2016-10-06 20:25:55 +0000},
	Date-Modified = {2016-10-06 20:26:43 +0000},
	Month = {In: International Conference on World Wide Web (WWW)},
	Pages = {pp. 411-421},
	Title = {Quality driven web services composition},
	Year = {2003}}

@article{17,
	Author = {Amiri, M.A., Serajzadeh, H.},
	Date-Added = {2016-10-06 20:24:49 +0000},
	Date-Modified = {2016-10-06 20:25:52 +0000},
	Month = {In: 6th Int. Symposium Telecommunications},
	Pages = { pp. 1190--1194},
	Title = {Effective web service composition using particle swarm optimization algorithm},
	Year = {2012}}

@article{16,
	Author = {Jaeger, M.C., M{\"u}hl, G.},
	Date-Added = {2016-10-06 20:20:19 +0000},
	Date-Modified = {2016-10-06 20:23:39 +0000},
	Month = {ITG-GI Conference},
	Pages = {pp. 1-12},
	Title = {Qos-based selection of services: The implementation of a genetic algorithm},
	Year = {2007}}

@article{15,
	Author = {Alrifai, M., Risse, T.},
	Date-Added = {2016-10-06 20:18:24 +0000},
	Date-Modified = {2016-10-06 20:20:04 +0000},
	Month = {DOI: 10.1145/1526709.1526828},
	Pages = {881--890},
	Title = {Combining global optimization with local selection for efficient QoS-aware service composition},
	Year = {2009}}

@article{14,
	Author = {Da Silva A. S., Ma, H., Zhang, M.},
	Date-Added = {2016-10-06 20:17:37 +0000},
	Date-Modified = {2016-10-06 20:18:22 +0000},
	Month = {DOI: 10.1007/978-3-319-13563-2_16},
	Pages = {2014},
	Title = {A GP Approach to QoS-Aware Web Service Composition and Selection},
	Year = {pp 180-191}}

@article{13,
	Author = {Chaker B. M. , Fathia B., Hajer A. and Houda S.},
	Date-Added = {2016-10-06 20:14:34 +0000},
	Date-Modified = {2016-10-06 20:17:23 +0000},
	Month = {Jun},
	Pages = {351},
	Title = {Towards A Graph Based Approach For Web Services Composition},
	Volume = {10},
	Year = {2013}}

@article{12,
	Author = {Bansal, A., Blake, M.B., Kona, S., Bleul, S., Weise, T., Jaeger, M.C.},
	Date-Added = {2016-10-06 19:56:07 +0000},
	Date-Modified = {2016-10-06 20:14:30 +0000},
	Month = {DOI: 10.1109/CECandEEE.2008.146},
	Pages = {pp. 351--354},
	Title = {Wsc-08: continuing the Web services challenge},
	Year = {2008}}

@article{11,
	Author = {Liangzhao Z, Boualem. B,  Anne H.H. Ngu, Marlon D,Jayant. K, and Henry, C},
	Date-Added = {2016-10-06 19:53:15 +0000},
	Date-Modified = {2016-10-06 19:56:01 +0000},
	Month = {DOI: 10.1109/TSE.2004.11},
	Pages = {311-327},
	Title = {QoS-Aware Middleware for Web Services Composition},
	Volume = {30},
	Year = {2004}}

@article{10,
	Author = {Amiri, M.A., Serajzadeh, H.},
	Date-Added = {2016-07-10 01:01:40 +0000},
	Date-Modified = {2016-07-10 01:04:52 +0000},
	Journal = {In: 6th Int. Symposium Telecommunications,},
	Pages = {pp. 1190--1194.},
	Title = {Effective web service composition using particle swarm optimization algorithm.},
	Year = {2012}}

@article{9,
	Author = {Mucientes, M., Lama, M., Couto, M.I.},
	Date-Added = {2016-07-10 01:00:55 +0000},
	Date-Modified = {2016-07-10 01:05:00 +0000},
	Journal = {In: 9th Int. Conf. Intelligent Systems Design and Applications,},
	Pages = {pp. 379--384},
	Title = {A genetic programming-based algorithm for composing web services.},
	Year = {2009}}

@article{8,
	Author = {A. Erdinc Yilmaz, Karagoz, P.},
	Date-Added = {2016-07-10 00:59:50 +0000},
	Date-Modified = {2016-10-06 20:33:14 +0000},
	Journal = {Web Services (ICWS)},
	Title = {Improved Genetic Algorithm Based Approach for QoS Aware Web Service Composition},
	Volume = {IEEE International Conference on, pp. 463 - 470},
	Year = {2014}}

@article{7,
	Author = {Yoo J.J.W., Kumara S., Lee, D., Oh S.C.},
	Date-Added = {2016-07-10 00:59:12 +0000},
	Date-Modified = {2016-10-06 20:30:08 +0000},
	Title = {A web service composition framework using integer programming with non-functional objectives and constraints. algorithms 1, 7},
	Year = {2008}}

@article{6,
	Author = {Neo4jTeam},
	Date-Added = {2016-07-10 00:58:00 +0000},
	Date-Modified = {2016-07-10 01:14:24 +0000},
	Journal = {https://neo4j.com/docs/developer-manual/current/introduction},
	Title = {The Neo4j Developer Manual v3.0},
	Year = {2016}}

@article{5,
	Author = {Seyyed, V., H., Farhad M.},
	Date-Added = {2016-07-10 00:57:23 +0000},
	Date-Modified = {2016-07-10 01:07:54 +0000},
	Journal = {In Proceedings of the 2005 Symposium on Applications and the Internet (SAINT'05)},
	Title = {A Graph-Based Approach to Web Services Composition},
	Year = {2005}}

@article{4,
	Author = {Wang A., Ma H., Zhang M.},
	Date-Added = {2016-07-10 00:55:33 +0000},
	Date-Modified = {2016-10-06 20:33:45 +0000},
	Pages = {pp. 9-17},
	Title = {Genetic programming with greedy search for web service composition. In: Decker, H., Lhotsk?a, L., Link, S., Basl, J., Tjoa, A.M. (eds.) DEXA 2013, Springer, Heidelberg},
	Year = {2013}}

@article{3,
	Author = {Gottschalk, K., Graham, S., Kreger, H., Snell, J.},
	Date-Added = {2016-07-10 00:54:49 +0000},
	Date-Modified = {2016-07-10 01:03:01 +0000},
	Journal = {IBM Syst. J. 41(2),},
	Pages = {pp. 170--177},
	Title = {Introduction to web services architecture},
	Year = {2002}}

@article{2,
	Author = {Da Silva A. S., Hui Ma, Mengjie Zhang},
	Date-Added = {2016-07-10 00:39:39 +0000},
	Date-Modified = {2016-07-10 01:08:19 +0000},
	Month = {DOI: 10.1007/978-3-319-22852-5 12},
	Pages = {Part II, LNCS 9262, pp. 134--142},
	Title = {GraphEvol: A Graph Evolution Technique for Web Service Composition},
	Year = {2015}}

@article{1,
	Author = {David Linthicum},
	Date-Added = {2016-07-10 00:27:11 +0000},
	Date-Modified = {2016-07-10 01:08:29 +0000},
	Pages = {https://msdn.microsoft.com/en-us/library/bb833022.aspx},
	Title = {Chapter 1: Service Oriented Architecture (SOA)},
	Year = {2014}}
