%% This BibTeX bibliography file was created using BibDesk.
%% http://bibdesk.sourceforge.net/

%% Created for jacky Chang at 2016-10-11 18:56:54 +1300 


%% Saved with string encoding Western (ASCII) 





@article{22,
	Author = {Chakraborty D, Perich F, Joshi A},
		Date-Added = {2016-10-06 20:25:55 +0000},
	Date-Modified = {2016-10-06 20:26:43 +0000},
	Pages = {[A]. Proc. of the 29th Conference on Euromicro [C]. Washington, DC: IEEE Computer Society, 298~305 (2003)},
	Title = {Web service composition languages: old wine in New bottles?}}

@article{21,
	Author = {Pires P F, Benevides M, Mattoso M.},
		Date-Added = {2016-10-06 20:25:55 +0000},
	Date-Modified = {2016-10-06 20:26:43 +0000},
	Pages = {A Reactive Service Composition Architecture for Pervasive Computing Environments [A]. Proc. of the IFIP TC6/WG6. 8 Working Conference on Personal Wireless Communications [C]. Washington, DC: IEEE Computer Society, 53~62 (2002)}}

@article{20,
	Author = {Van der Aalst W M P, Dumas M, Ter Hofstede, AHM.},
		Date-Added = {2016-10-06 20:25:55 +0000},
	Date-Modified = {2016-10-06 20:26:43 +0000},
	Pages = {Building Reliable Web Services Compositions [J]. Lecture Notes in Computer Science, 2593:551~562 (2002)}}


