%% This BibTeX bibliography file was created using BibDesk.
%% http://bibdesk.sourceforge.net/

%% Created for jacky Chang at 2016-10-11 18:56:54 +1300 


%% Saved with string encoding Western (ASCII) 


@article{37,
    Author = {GraphDatabase},
        Date-Added = {2016-10-06 20:25:55 +0000},
    Date-Modified = {2016-10-06 20:26:43 +0000},
    Pages = {DEx Graph Database https://dex.citd.tamu.edu/
    }}

@article{36,
    Author = {GraphDatabase},
        Date-Added = {2016-10-06 20:25:55 +0000},
    Date-Modified = {2016-10-06 20:26:43 +0000},
    Pages = {TITAN Distributed http://titan.thinkaurelius.com/
    }}


@article{35,
    Author = {GraphDatabase},
        Date-Added = {2016-10-06 20:25:55 +0000},
    Date-Modified = {2016-10-06 20:26:43 +0000},
    Pages = {OrientDB http://orientdb.com/orientdb-vs-neo4j/
    }}


@article{34,
    Author = {D. Ritter},
        Date-Added = {2016-10-06 20:25:55 +0000},
    Date-Modified = {2016-10-06 20:26:43 +0000},
    Pages = {From network mining to large scale business networks. WWW (Companion Volume), pages 989–996, (2012)
    }}


@article{33,
    Author = {B. Andreopoulos M. Schroeder L. Royer, M. Reimann},
        Date-Added = {2016-10-06 20:25:55 +0000},
    Date-Modified = {2016-10-06 20:26:43 +0000},
    Pages = {Unraveling protein networks with power graph analysis. PLoS Computational Biology (2008)
    }}

@article{32,
    Author = {T. Walsh L. Antsfeld},
    Pages = {Finding multi-criteria optimal paths in multi-modal public transportation networks using the transit algorithm. In Intelligent Transport Systems World Congress (2012)    }}

@article{31,
    Author = {Renzo A.},
    Pages = {A comparison of current graph database models. Third International Workshop on Graph Data Management: Techniques and Applications, (2012)

    }}

@article{30,
    Author = {Salim J., Valentin V.},
    Pages = {An empirical comparison of graph databases. Doi: 10.1109/SocialCom.2013.106. pp. 708-715 (2013)
    }}


@article{29,
    Author = {Pawel S.},
    Pages = {Service Composition Scenarios in the Internet of Things Paradigm. AICT-394, pp.53-60, (2013)
    }}

@article{28,
    Author = {Vikas A., Girish C., Sumit M., Biplav S.},
        Date-Added = {2016-10-06 20:25:55 +0000},
    Date-Modified = {2016-10-06 20:26:43 +0000},
    Pages = {Understanding approaches for web service composition and execution. Doi 10.1145/1341771.1341773. (2008)
    }}

@article{27,
    Author = {Gottschalk, K., Graham, S., Kreger, H., Snell, J.},
        Date-Added = {2016-10-06 20:25:55 +0000},
    Date-Modified = {2016-10-06 20:26:43 +0000},
    Pages = {Introduction to web services architecture. IBM Syst. J. 41(2), pp. 170–177 (2002)
    }}

@article{26,
    Author = {Jing. L, Yuhong. Y, Daniel. L.},
        Date-Added = {2016-10-06 20:25:55 +0000},
    Date-Modified = {2016-10-06 20:26:43 +0000},
    Pages = {Full Solution Indexing Using Database for QoS-aware Web Service Composition IEEE International Conference on Services Computing. pp. 99-106 (2014)}}

@article{25,
    Date-Added = {2016-10-06 20:25:55 +0000},
    Date-Modified = {2016-10-06 20:26:43 +0000},
    Pages = {UDDI Tutorial. https://www.tutorialspoint.com/uddi}}

@article{24,
    Date-Added = {2016-10-06 20:25:55 +0000},
    Date-Modified = {2016-10-06 20:26:43 +0000},
    Pages = { XML Web Service. http://www.w3schools.com}}

@article{23,
    Author = {Sirin E, Parsia B, Wu D.},
        Date-Added = {2016-10-06 20:25:55 +0000},
    Date-Modified = {2016-10-06 20:26:43 +0000},
    Pages = {HTN Planning for Web Service Composition Using SHOP2 [J]. Journal of Web Semantics. 377~396 (2004)}}



@article{22,
    Author = {Chakraborty D, Perich F, Joshi A},
        Date-Added = {2016-10-06 20:25:55 +0000},
    Date-Modified = {2016-10-06 20:26:43 +0000},
    Pages = {[A]. Proc. of the 29th Conference on Euromicro [C]. Washington, DC: IEEE Computer Society, 298~305 (2003)},
    Title = {Web service composition languages: old wine in New bottles?}}

@article{21,
    Author = {Pires P F, Benevides M, Mattoso M.},
        Date-Added = {2016-10-06 20:25:55 +0000},
    Date-Modified = {2016-10-06 20:26:43 +0000},
    Pages = {A Reactive Service Composition Architecture for Pervasive Computing Environments [A]. Proc. of the IFIP TC6/WG6. 8 Working Conference on Personal Wireless Communications [C]. Washington, DC: IEEE Computer Society, 53~62 (2002)}}

@article{20,
    Author = {Van der Aalst W M P, Dumas M, Ter Hofstede, AHM.},
        Date-Added = {2016-10-06 20:25:55 +0000},
    Date-Modified = {2016-10-06 20:26:43 +0000},
    Pages = {Building Reliable Web Services Compositions [J]. Lecture Notes in Computer Science, 2593:551~562 (2002)}}

@article{19,
    Author = {Da Silva A. S., Ma, H., Zhang, M.},
    Date-Added = {2016-10-06 20:26:44 +0000},
    Date-Modified = {2016-10-06 20:27:25 +0000},
    Month = {IEEE Congress on Evolutionary Computation (CEC)},
    Pages = {pp. 3127-3134},
    Title = {Effective web service composition using particle swarm optimization algorithm},
    Year = {2014}}

@article{18,
    Author = {Zheng L., Benatallah B., Dumas M., Kalagnanam J., Sheng Q.Z.},
    Date-Added = {2016-10-06 20:25:55 +0000},
    Date-Modified = {2016-10-06 20:26:43 +0000},
    Month = {In: International Conference on World Wide Web (WWW)},
    Pages = {Quality driven web services composition. pp. 411-421 (2003)}
    }

@article{16,
    Author = {Jaeger, M.C., M{\"u}hl, G.},
    Date-Added = {2016-10-06 20:20:19 +0000},
    Date-Modified = {2016-10-06 20:23:39 +0000},
    Month = {ITG-GI Conference},
    Pages = {QoS-based selection of services: The implementation of a genetic algorithm. pp. 1-12},
    Year = {2007}}

@article{15,
    Author = {Alrifai, M., Risse, T.},
    Date-Added = {2016-10-06 20:18:24 +0000},
    Date-Modified = {2016-10-06 20:20:04 +0000},
    Month = {DOI: 10.1145/1526709.1526828},
    Pages = {Combining global optimization with local selection for efficient QoS-aware service composition. 881--890},
    Year = {2009}}

@article{14,
    Author = {Da Silva A. S., Ma, H., Zhang, M.},
    Date-Added = {2016-10-06 20:17:37 +0000},
    Date-Modified = {2016-10-06 20:18:22 +0000},
    Month = {DOI: 10.1007/978-3-319-13563-2_16},
    Pages = {A GP Approach to QoS-Aware Web Service Composition and Selection. 2014},
    Year = {pp 180-191}}

@article{13,
    Author = {Chaker B. M. , Fathia B., Hajer A. and Houda S.},
    Date-Added = {2016-10-06 20:14:34 +0000},
    Date-Modified = {2016-10-06 20:17:23 +0000},
    Month = {Jun},
    Pages = {Towards A Graph Based Approach For Web Services Composition. 351},
    Volume = {10},
    Year = {2013}}

@article{12,
    Author = {Bansal, A., Blake, M.B., Kona, S., Bleul, S., Weise, T., Jaeger, M.C.},
    Date-Added = {2016-10-06 19:56:07 +0000},
    Date-Modified = {2016-10-06 20:14:30 +0000},
    Month = {DOI: 10.1109/CECandEEE.2008.146},
    Pages = {WSC-08: continuing the Web services challenge. pp. 351--354},
    Year = {2008}}

@article{11,
    Author = {Liangzhao Z, Boualem. B, Anne H.H. Ngu, Marlon D,Jayant. K, and Henry, C},
    Date-Added = {2016-10-06 19:53:15 +0000},
    Date-Modified = {2016-10-06 19:56:01 +0000},
    Month = {DOI: 10.1109/TSE.2004.11},
    Pages = {QoS-Aware Middleware for Web Services Composition. 311-327},
    Volume = {30},
    Year = {2004}}

@article{10,
    Author = {Amiri, M.A., Serajzadeh, H.},
    Date-Added = {2016-07-10 01:01:40 +0000},
    Date-Modified = {2016-07-10 01:04:52 +0000},
    Journal = {In: 6th Int. Symposium Telecommunications,},
    Pages = {pp. 1190--1194 (2012)},
    Title = {Effective web service composition using particle swarm optimization algorithm.}}

@article{9,
    Author = {Mucientes, M., Lama, M., Couto, M.I.},
    Date-Added = {2016-07-10 01:00:55 +0000},
    Date-Modified = {2016-07-10 01:05:00 +0000},
    Journal = {In: 9th Int. Conf. Intelligent Systems Design and Applications,},
    Pages = {pp. 379--384 (2009)},
    Title = {A genetic programming-based algorithm for composing web services.}}

@article{8,
    Author = {A. Erdinc Yilmaz, Karagoz, P.},
    Date-Added = {2016-07-10 00:59:50 +0000},
    Date-Modified = {2016-10-06 20:33:14 +0000},
    Journal = {Web Services (ICWS)},
    Pages = {Improved Genetic Algorithm Based Approach for QoS Aware Web Service Composition. IEEE International Conference on, pp. 463 - 470 (2014)}}

@article{7,
    Author = {Yoo J.J.W., Kumara S., Lee D., Oh S.C.},
    Date-Added = {2016-07-10 00:59:12 +0000},
    Date-Modified = {2016-10-06 20:30:08 +0000},
    Title = {A web service composition framework using integer programming with non-functional objectives and constraints. algorithms 1, 7},
    Year = {2008}}

@article{6,
    Author = {GraphDatabase},
    Date-Added = {2016-07-10 00:58:00 +0000},
    Date-Modified = {2016-10-11 05:56:32 +0000},
    Journal = {Neo4j https://neo4j.com/docs/developer-manual/current/introduction},
    Pages = {The Neo4j Developer Manual v3.0 (2016)}}

@article{5,
    Author = {Seyyed, V., H., Farhad M.},
    Date-Added = {2016-07-10 00:57:23 +0000},
    Date-Modified = {2016-07-10 01:07:54 +0000},
    Journal = {In Proceedings of the 2005 Symposium on Applications and the Internet (SAINT'05)},
    Pages = {A Graph-Based Approach to Web Services Composition (2005)}}

@article{4,
    Author = {Wang A., Ma H., Zhang M.},
    Date-Added = {2016-07-10 00:55:33 +0000},
    Date-Modified = {2016-10-06 20:33:45 +0000},
    Pages = {Genetic programming with greedy search for web service composition. In: Decker, H., Lhotsk?a, L., Link, S., Basl, J., Tjoa, A.M. (eds.) DEXA 2013, Springer, Heidelberg. pp. 9-17 (2013)}}

@article{3,
    Author = {Gottschalk, K., Graham, S., Kreger, H., Snell, J.},
    Date-Added = {2016-07-10 00:54:49 +0000},
    Date-Modified = {2016-07-10 01:03:01 +0000},
    Journal = {IBM Syst. J. 41(2),},
    Pages = {pp. 170--177 (2002)},
    Title = {Introduction to web services architecture}}

@article{2,
    Author = {Da Silva A. S., Hui Ma, Mengjie Zhang},
    Date-Added = {2016-07-10 00:39:39 +0000},
    Date-Modified = {2016-07-10 01:08:19 +0000},
    Month = {DOI: 10.1007/978-3-319-22852-5 12},
    Pages = {GraphEvol: A Graph Evolution Technique for Web Service Composition. Part II, LNCS 9262, pp. 134--142},
    Year = {2015}}

@article{1,
    Author = {David Linthicum},
    Date-Added = {2016-07-10 00:27:11 +0000},
    Date-Modified = {2016-07-10 01:08:29 +0000},
    Pages = {Chapter 1: Service Oriented Architecture (SOA). https://msdn.microsoft.com/en-us/library/bb833022.aspx},
    Year = {2014}}
